<record><leader>00000cas a22000007a 4500</leader><controlfield tag="001">11788299</controlfield><controlfield tag="008">850311d17871787njuwr ne      0    0eng d</controlfield><datafield ind1=" " ind2=" " tag="010"><subfield code="a">sn 85025529 </subfield></datafield><datafield ind1=" " ind2=" " tag="040"><subfield code="a">NPX</subfield><subfield code="b">eng</subfield><subfield code="c">NPX</subfield><subfield code="d">NJW</subfield><subfield code="d">OCLCQ</subfield><subfield code="d">OCLCG</subfield><subfield code="d">OCLCQ</subfield></datafield><datafield ind1=" " ind2=" " tag="042"><subfield code="a">msc</subfield></datafield><datafield ind1="0" ind2="4" tag="245"><subfield code="a">The Trenton Mercury, and the weekly advertiser.</subfield></datafield><datafield ind1=" " ind2=" " tag="260"><subfield code="a">Trenton, N.J. :</subfield><subfield code="b">Printed and sold by Frederick C. Quequelle and George M. Wilson</subfield></datafield><datafield ind1=" " ind2=" " tag="300"><subfield code="a">v.</subfield></datafield><datafield ind1=" " ind2=" " tag="310"><subfield code="a">Weekly</subfield></datafield><datafield ind1="1" ind2=" " tag="362"><subfield code="a">Began with May 22, 1787 issue; ceased with Oct. 23, 1787 issue.</subfield><subfield code="z">Cf. Brigham, C.S. Amer. newspapers.</subfield></datafield><datafield ind1=" " ind2=" " tag="500"><subfield code="a">References: Evans 20753; Brigham, C.S. Amer. newspapers, p. 519.</subfield></datafield><datafield ind1=" " ind2=" " tag="588"><subfield code="a">Description based on: Vol. 1, no. 20 (Sept. 25, 1787).</subfield></datafield><datafield ind1="1" ind2=" " tag="700"><subfield code="a">Quequelle, Frederick C.</subfield></datafield><datafield ind1="1" ind2=" " tag="700"><subfield code="a">Wilson, George M.,</subfield><subfield code="d">1768?-1818.</subfield></datafield><datafield ind1=" " ind2=" " tag="752"><subfield code="a">United States</subfield><subfield code="b">New Jersey</subfield><subfield code="c">Mercer</subfield><subfield code="d">Trenton.</subfield></datafield><datafield ind1="0" ind2="0" tag="780"><subfield code="t">Trenton Mercury, and weekly advertiser</subfield><subfield code="w">(DLC)sn 85025528</subfield><subfield code="w">(OCoLC)11788203</subfield></datafield><datafield ind1="0" ind2="0" tag="785"><subfield code="t">Trenton weekly Mercury</subfield><subfield code="w">(DLC)sn 85025530</subfield><subfield code="w">(OCoLC)11788348</subfield></datafield></record>